<?xml version="1.0" encoding="UTF-8"?><collection xmlns="http://www.loc.gov/MARC21/slim"><record><leader>00324nam--2200121-i-4500</leader><controlfield tag="001">000009483</controlfield><controlfield tag="002">20161230</controlfield><controlfield tag="005">20161230201028</controlfield><controlfield tag="008">060222s1000------------r-----000-0-eng-d</controlfield><datafield ind1=" " ind2=" " tag="080"><subfield code="a">801.323.1=590</subfield></datafield><datafield ind1=" " ind2=" " tag="245"><subfield code="a">Dictionarul limbii romane (dlr). serie noua tom.vi, 7</subfield></datafield><datafield ind1=" " ind2=" " tag="260"><subfield code="a">Bucuresti, Ed.Academiei R.S.R., 1967</subfield></datafield><datafield ind1=" " ind2=" " tag="852"><subfield code="a">D.396</subfield></datafield></record></collection>